// Research on Python Data Visualisation
@article{pyvis,
  author  = {Shengjia Cao and Yunhan Zengz and Shangru Yang and Songlin Cao*},
  journal = {Journal of Physics: Conference Series},
  number  = {012122},
  title   = {Research on Python Data Visualization},
  volume  = {1757},
  year    = {2021}
}